@ARTICLE{bhatt:dengue,
	author="Samir Bhatt",
	title="The global distribution and burden of dengue",
    publisher="Macmillan Publishers Limited",
    doi="10.1038/nature12060",
    year="2013"}

@BOOK{who:dengue,
    author="WHO",
    title="Dengue Guidelines for Diagnosis, Treatment, Prevention and Control",
    year="2009",
    publisher="WHO Library Cataloguing-in-Publication Data"
}
@ARTICLE{descloux,
	author="Descloux E. Mangeas",
	year="2012",
	title="Climate-based models for understand and forecasting dengue epidemics."
}
@ARTICLE{rocha,
	author="Claudio Rocha",
	year="2009",
	title="Comparison of two active surveillance programs for the detection of clinical dengue cases in Iquitos, Peru"
}
@ARTICLE{ skeeter,
	author="Krisztian Magori",
	year="2009",
	title="Skeeter Buster: A Stochastic, Spatially Explicit Modeling Tool for Studying Aedes aegypti Population Replacement and Population Suppression Strategies"	
}
@ARTICLE{carlos,
	author="Carlos Isidoro",
	author="Nuno Fachada",
	year="2009",
	title="Agent-Based Model of Aedes aegypti Population Dynamics"
}
@ARTICLE{sandro,
	author="Sandro Jerônimo de Almeida",
	author="Ricardo Poley Martins Ferreira",
	year="2010",
	title="Multi-agent modeling and simulation of an Aedes aegypti mosquito population"} 
@ARTICLE{somsakun,
	author="Somsakun Maneerat ",
	author="Eric Daudé",
	year="2017",
	title="Agent-based simulation study of the intra-urban discontinuity effects in Delhi on dispersal of Aedes aegypti mosquitoes, vector of dengue, chikungunya and Zika viruses"
}

@ARTICLE{magori,
    author= "K. Magori",
    year = "2007",
    title= "Gene-drive Models  of  Mosquitoes  –  A  Users’  Manual. "
    

}